[gd_resource type="Theme" load_steps=10 format=3 uid="uid://djceo2bv5le5s"]

[ext_resource type="Texture2D" uid="uid://dhbc2q4gdsptj" path="res://assets/button-normal.svg" id="1_8m280"]
[ext_resource type="Texture2D" uid="uid://or8xuahglrq8" path="res://assets/panel.svg" id="1_dbks4"]
[ext_resource type="FontFile" uid="uid://dkphkqynh6jq" path="res://assets/fonts/LilitaOne-Regular.ttf" id="1_fnuga"]
[ext_resource type="Texture2D" uid="uid://on3en7uf252n" path="res://assets/button-pressed.svg" id="1_mvgoe"]

[sub_resource type="StyleBoxTexture" id="StyleBoxTexture_sambv"]
texture = ExtResource("1_mvgoe")
texture_margin_left = 30.0
texture_margin_top = 40.0
texture_margin_right = 30.0
texture_margin_bottom = 40.0

[sub_resource type="StyleBoxTexture" id="StyleBoxTexture_kvytf"]
texture = ExtResource("1_mvgoe")
texture_margin_left = 30.0
texture_margin_top = 40.0
texture_margin_right = 30.0
texture_margin_bottom = 40.0

[sub_resource type="StyleBoxTexture" id="StyleBoxTexture_xf83s"]
texture = ExtResource("1_8m280")
texture_margin_left = 40.0
texture_margin_top = 30.0
texture_margin_right = 40.0
texture_margin_bottom = 30.0

[sub_resource type="StyleBoxTexture" id="StyleBoxTexture_s6qas"]
texture = ExtResource("1_mvgoe")
texture_margin_left = 30.0
texture_margin_top = 40.0
texture_margin_right = 30.0
texture_margin_bottom = 40.0

[sub_resource type="StyleBoxTexture" id="StyleBoxTexture_dks4l"]
texture = ExtResource("1_dbks4")
texture_margin_left = 60.0
texture_margin_top = 60.0
texture_margin_right = 60.0
texture_margin_bottom = 60.0

[resource]
default_font = ExtResource("1_fnuga")
Button/colors/font_color = Color(0.501961, 0.2, 0, 1)
Button/colors/font_focus_color = Color(0.501961, 0.2, 0, 1)
Button/colors/font_hover_color = Color(0.501961, 0.2, 0, 1)
Button/font_sizes/font_size = 40
Button/styles/focus = SubResource("StyleBoxTexture_sambv")
Button/styles/hover = SubResource("StyleBoxTexture_kvytf")
Button/styles/normal = SubResource("StyleBoxTexture_xf83s")
Button/styles/pressed = SubResource("StyleBoxTexture_s6qas")
PanelContainer/styles/panel = SubResource("StyleBoxTexture_dks4l")
ScoreLabel/base_type = &"Label"
ScoreLabel/colors/font_outline_color = Color(0, 0, 0, 0.407843)
ScoreLabel/constants/outline_size = 30
ScoreLabel/font_sizes/font_size = 100
TimeLabel/base_type = &"Label"
