[gd_scene load_steps=9 format=3 uid="uid://clkmnofu6vy4u"]

[ext_resource type="Script" path="res://scenes/actions/action.gd" id="1_xskab"]
[ext_resource type="Texture2D" uid="uid://gcy2f6pltiof" path="res://assets/left.svg" id="2_d32sk"]
[ext_resource type="Texture2D" uid="uid://b4p1kekrjusbr" path="res://assets/right.svg" id="3_t3q0x"]
[ext_resource type="Texture2D" uid="uid://c6b6t2iorrsgh" path="res://assets/circle_filled.svg" id="4_6oj1y"]
[ext_resource type="Script" path="res://scenes/actions/beat.gd" id="4_ivfub"]
[ext_resource type="Texture2D" uid="uid://b6ymt8mvdyv11" path="res://assets/circle_empty.svg" id="5_uhqjy"]

[sub_resource type="StyleBoxEmpty" id="StyleBoxEmpty_4sux5"]

[sub_resource type="StyleBoxEmpty" id="StyleBoxEmpty_8co34"]

[node name="Action" type="Node2D"]
script = ExtResource("1_xskab")

[node name="Left" type="Sprite2D" parent="."]
texture = ExtResource("2_d32sk")

[node name="Right" type="Sprite2D" parent="."]
texture = ExtResource("3_t3q0x")

[node name="Label" type="Label" parent="."]
visible = false
offset_left = -30.0
offset_top = 62.0
offset_right = 29.0
offset_bottom = 104.0
theme_override_font_sizes/font_size = 30
text = "0.0"
horizontal_alignment = 1

[node name="Timer" type="Timer" parent="."]
one_shot = true

[node name="Beat" type="HBoxContainer" parent="."]
anchors_preset = 8
anchor_left = 0.5
anchor_top = 0.5
anchor_right = 0.5
anchor_bottom = 0.5
offset_left = -80.0
offset_top = 82.0
offset_right = 81.0
offset_bottom = 111.0
grow_horizontal = 2
grow_vertical = 2
script = ExtResource("4_ivfub")

[node name="Beat 1" type="CheckButton" parent="Beat"]
layout_mode = 2
size_flags_horizontal = 6
size_flags_vertical = 4
mouse_filter = 2
theme_override_icons/checked = ExtResource("4_6oj1y")
theme_override_icons/unchecked = ExtResource("5_uhqjy")
theme_override_styles/normal = SubResource("StyleBoxEmpty_4sux5")
theme_override_styles/pressed = SubResource("StyleBoxEmpty_8co34")
flat = true

[node name="Beat 2" type="CheckButton" parent="Beat"]
layout_mode = 2
size_flags_horizontal = 6
size_flags_vertical = 4
mouse_filter = 2
theme_override_icons/checked = ExtResource("4_6oj1y")
theme_override_icons/unchecked = ExtResource("5_uhqjy")
theme_override_styles/normal = SubResource("StyleBoxEmpty_4sux5")
theme_override_styles/pressed = SubResource("StyleBoxEmpty_8co34")
flat = true

[node name="Beat 3" type="CheckButton" parent="Beat"]
layout_mode = 2
size_flags_horizontal = 6
size_flags_vertical = 4
mouse_filter = 2
theme_override_icons/checked = ExtResource("4_6oj1y")
theme_override_icons/unchecked = ExtResource("5_uhqjy")
theme_override_styles/normal = SubResource("StyleBoxEmpty_4sux5")
theme_override_styles/pressed = SubResource("StyleBoxEmpty_8co34")
flat = true

[node name="Beat 4" type="CheckButton" parent="Beat"]
layout_mode = 2
size_flags_horizontal = 6
size_flags_vertical = 4
mouse_filter = 2
theme_override_icons/checked = ExtResource("4_6oj1y")
theme_override_icons/unchecked = ExtResource("5_uhqjy")
theme_override_styles/normal = SubResource("StyleBoxEmpty_4sux5")
theme_override_styles/pressed = SubResource("StyleBoxEmpty_8co34")
flat = true
