[gd_scene load_steps=14 format=3 uid="uid://cy3bfy2ay4gnq"]

[ext_resource type="Script" path="res://scenes/menu/menu.gd" id="1_s38vb"]
[ext_resource type="Texture2D" uid="uid://baexwyq68gg02" path="res://scenes/background/background.svg" id="2_pi6ib"]
[ext_resource type="Texture2D" uid="uid://cmpbaf2rakqb7" path="res://assets/babycar-export.svg" id="3_008jq"]
[ext_resource type="Texture2D" uid="uid://wj8n1vtg66yp" path="res://assets/icon.svg" id="4_x86yo"]
[ext_resource type="Texture2D" uid="uid://bmgr4a0ig32t8" path="res://assets/pizzajam.png" id="5_dtpg4"]
[ext_resource type="Texture2D" uid="uid://bjbhaktif7vyg" path="res://assets/circle70.png" id="6_heod2"]
[ext_resource type="AudioStream" uid="uid://cq33vhu4k7rwl" path="res://assets/music/Runaround.ogg" id="7_p687b"]
[ext_resource type="AudioStream" uid="uid://bptyfiyh7r30v" path="res://assets/sfx/carengine-5998.ogg" id="8_ko73t"]
[ext_resource type="AudioStream" uid="uid://hxgobdgwih6l" path="res://assets/music/contemplation.ogg" id="9_fp0lb"]
[ext_resource type="AudioStream" uid="uid://dkeloxiafg3g7" path="res://assets/sfx/coin.ogg" id="10_4vo4k"]
[ext_resource type="AudioStream" uid="uid://dq7ego8djoyyw" path="res://assets/sfx/qubodup-crash.ogg" id="11_p7ren"]

[sub_resource type="Curve2D" id="Curve2D_2pu4j"]
_data = {
"points": PackedVector2Array(0, 0, 0, 0, -794, 2003, 0, 0, 0, 0, 2273, 1203)
}
point_count = 2

[sub_resource type="StyleBoxFlat" id="StyleBoxFlat_ph5ea"]
content_margin_left = 0.0
content_margin_top = 15.0
content_margin_right = 0.0
content_margin_bottom = 15.0
bg_color = Color(0.56, 0.56, 0.56, 1)

[node name="Menu" type="Node2D"]
script = ExtResource("1_s38vb")

[node name="Background" type="Sprite2D" parent="."]
position = Vector2(-911, 1463)
rotation = -1.83259
scale = Vector2(2.87429, 2.87429)
texture = ExtResource("2_pi6ib")

[node name="Path2D" type="Path2D" parent="."]
curve = SubResource("Curve2D_2pu4j")

[node name="PathFollow2D" type="PathFollow2D" parent="Path2D"]
position = Vector2(1528.3, 1397.25)
rotation = -0.255156
progress = 2400.0
rotates = false

[node name="Babycar-export" type="Sprite2D" parent="Path2D/PathFollow2D"]
rotation = 1.5708
texture = ExtResource("3_008jq")

[node name="Icon" type="Sprite2D" parent="."]
position = Vector2(540, 389.687)
scale = Vector2(1.11843, 1.11843)
texture = ExtResource("4_x86yo")

[node name="Pizzajam" type="Sprite2D" parent="."]
position = Vector2(877, 1734)
texture = ExtResource("5_dtpg4")

[node name="Label" type="Label" parent="Pizzajam"]
offset_left = -111.0
offset_top = -166.0
offset_right = 136.0
offset_bottom = -131.0
rotation = -0.261799
theme_override_colors/font_color = Color(0.862745, 0.780392, 0.364706, 1)
theme_override_colors/font_shadow_color = Color(0, 0, 0, 1)
theme_override_colors/font_outline_color = Color(1, 1, 1, 0.490196)
theme_override_font_sizes/font_size = 30
text = "Made in 9 days for"
horizontal_alignment = 1
metadata/_edit_use_anchors_ = true

[node name="Control" type="Control" parent="."]
custom_minimum_size = Vector2(1080, 1920)
layout_mode = 3
anchors_preset = 0
offset_right = 40.0
offset_bottom = 40.0
size_flags_horizontal = 3
size_flags_vertical = 3

[node name="VBoxContainer" type="VBoxContainer" parent="Control"]
layout_mode = 1
anchors_preset = 8
anchor_left = 0.5
anchor_top = 0.5
anchor_right = 0.5
anchor_bottom = 0.5
offset_left = -136.5
offset_top = -108.0
offset_right = 136.5
offset_bottom = 108.0
grow_horizontal = 2
grow_vertical = 2

[node name="Control" type="Control" parent="Control/VBoxContainer"]
custom_minimum_size = Vector2(0, 250)
layout_mode = 2

[node name="MarginContainer3" type="MarginContainer" parent="Control/VBoxContainer"]
layout_mode = 2
theme_override_constants/margin_top = 30
theme_override_constants/margin_bottom = 30

[node name="StartButton" type="Button" parent="Control/VBoxContainer/MarginContainer3"]
layout_mode = 2
text = "Start Game"

[node name="MarginContainer4" type="MarginContainer" parent="Control/VBoxContainer"]
layout_mode = 2
theme_override_constants/margin_top = 30
theme_override_constants/margin_bottom = 30

[node name="RulesButton" type="Button" parent="Control/VBoxContainer/MarginContainer4"]
layout_mode = 2
text = "How to Play"

[node name="MarginContainer2" type="MarginContainer" parent="Control/VBoxContainer"]
layout_mode = 2
theme_override_constants/margin_top = 30
theme_override_constants/margin_bottom = 30

[node name="OptionsButton" type="Button" parent="Control/VBoxContainer/MarginContainer2"]
layout_mode = 2
text = "Options
"

[node name="MarginContainer" type="MarginContainer" parent="Control/VBoxContainer"]
layout_mode = 2
theme_override_constants/margin_top = 30
theme_override_constants/margin_bottom = 30

[node name="CreditsButton" type="Button" parent="Control/VBoxContainer/MarginContainer"]
layout_mode = 2
text = "Credits
"

[node name="CreditsContainer" type="PanelContainer" parent="."]
visible = false
offset_left = 76.0
offset_top = 203.0
offset_right = 1027.0
offset_bottom = 1735.0

[node name="VBoxContainer" type="VBoxContainer" parent="CreditsContainer"]
layout_mode = 2

[node name="RichTextLabel" type="RichTextLabel" parent="CreditsContainer/VBoxContainer"]
layout_mode = 2
size_flags_horizontal = 3
size_flags_vertical = 3
theme_override_constants/line_separation = 6
theme_override_font_sizes/normal_font_size = 40
theme_override_font_sizes/bold_font_size = 90
theme_override_font_sizes/italics_font_size = 60
bbcode_enabled = true
text = "[b]Credits[/b]

[i]Idea, Game Design:[/i]

Anika Eckert, Kai Eckert

[i]Game Art, Programming:[/i]

Kai Eckert

[i]Assets, Software:[/i]
Music: 
       - [url=https://opengameart.org/content/runaround]Runaround[/url] by Yubatake,
       - [url=https://opengameart.org/content/contemplation]Contemplation[/url] by Bart
Main Font: [url=https://fonts.google.com/specimen/Lilita+One]Lilita One[/url] by Juan Montoreano
SFX:
       - CarEngine: [url=https://pixabay.com/de/sound-effects/carengine-5998/]Pixabay[/url]
       - Other: CC0
Game Engine: Godot 4
Graphics: Inkscape, Gimp
Audio: Audacity
OS: Linux"

[node name="HBoxContainer" type="HBoxContainer" parent="CreditsContainer/VBoxContainer"]
layout_mode = 2

[node name="Control2" type="Control" parent="CreditsContainer/VBoxContainer/HBoxContainer"]
layout_mode = 2
size_flags_horizontal = 3

[node name="CloseCreditsButton" type="Button" parent="CreditsContainer/VBoxContainer/HBoxContainer"]
layout_mode = 2
size_flags_horizontal = 4
size_flags_vertical = 4
text = "Close"

[node name="Control" type="Control" parent="CreditsContainer/VBoxContainer/HBoxContainer"]
layout_mode = 2
size_flags_horizontal = 3

[node name="RulesContainer" type="PanelContainer" parent="."]
offset_left = 76.0
offset_top = 203.0
offset_right = 1027.0
offset_bottom = 1735.0

[node name="VBoxContainer" type="VBoxContainer" parent="RulesContainer"]
layout_mode = 2

[node name="RichTextLabel" type="RichTextLabel" parent="RulesContainer/VBoxContainer"]
layout_mode = 2
size_flags_horizontal = 3
size_flags_vertical = 3
theme_override_constants/line_separation = 6
theme_override_font_sizes/normal_font_size = 40
theme_override_font_sizes/bold_font_size = 90
theme_override_font_sizes/italics_font_size = 60
bbcode_enabled = true
text = "[b]How to Play[/b]

The baby is driving the car at the bottom. It is your job to prevent a crash and to collect sweets along the way (after you reached 50 points).

The movement of the baby is indicated at the right side. The movement follows the rhythm of the music, so check the beats!

Swipe cars and sweets to the left and right to move them to other lanes (Touch and mouse are supported).

You can let two cars crash to get them out of the way, but this will get you a penalty score.

Troubleshooting: The game is best played on an Android mobile device. When using the Web version on your mobile, make sure to open the game in Chrome, other browsers, especially the built-in browser of WhatsApp might have problems, such as cracking music."

[node name="HBoxContainer" type="HBoxContainer" parent="RulesContainer/VBoxContainer"]
layout_mode = 2

[node name="Control2" type="Control" parent="RulesContainer/VBoxContainer/HBoxContainer"]
layout_mode = 2
size_flags_horizontal = 3

[node name="CloseRulesButton" type="Button" parent="RulesContainer/VBoxContainer/HBoxContainer"]
layout_mode = 2
size_flags_horizontal = 4
size_flags_vertical = 4
text = "Close"

[node name="Control" type="Control" parent="RulesContainer/VBoxContainer/HBoxContainer"]
layout_mode = 2
size_flags_horizontal = 3

[node name="OptionsContainer" type="PanelContainer" parent="."]
visible = false
offset_left = 76.0
offset_top = 709.0
offset_right = 1027.0
offset_bottom = 1352.0

[node name="VBoxContainer" type="VBoxContainer" parent="OptionsContainer"]
layout_mode = 2

[node name="Control2" type="Control" parent="OptionsContainer/VBoxContainer"]
custom_minimum_size = Vector2(0, 100)
layout_mode = 2

[node name="HBoxContainer2" type="HBoxContainer" parent="OptionsContainer/VBoxContainer"]
layout_mode = 2

[node name="Label" type="Label" parent="OptionsContainer/VBoxContainer/HBoxContainer2"]
custom_minimum_size = Vector2(300, 100)
layout_mode = 2
theme_override_font_sizes/font_size = 40
text = "Music Volume"
vertical_alignment = 1

[node name="MusicSlider" type="HSlider" parent="OptionsContainer/VBoxContainer/HBoxContainer2"]
unique_name_in_owner = true
modulate = Color(1, 0.8, 0.666667, 1)
layout_mode = 2
size_flags_horizontal = 3
size_flags_vertical = 4
theme_override_constants/center_grabber = 1
theme_override_constants/grabber_offset = 0
theme_override_icons/grabber = ExtResource("6_heod2")
theme_override_icons/grabber_highlight = ExtResource("6_heod2")
theme_override_styles/slider = SubResource("StyleBoxFlat_ph5ea")
min_value = -36.0
max_value = 12.0
value = -2.0
rounded = true

[node name="Control" type="Control" parent="OptionsContainer/VBoxContainer/HBoxContainer2"]
custom_minimum_size = Vector2(20, 0)
layout_mode = 2

[node name="TestMusicButton" type="Button" parent="OptionsContainer/VBoxContainer/HBoxContainer2"]
layout_mode = 2
text = "Test"

[node name="HBoxContainer3" type="HBoxContainer" parent="OptionsContainer/VBoxContainer"]
layout_mode = 2

[node name="Label" type="Label" parent="OptionsContainer/VBoxContainer/HBoxContainer3"]
custom_minimum_size = Vector2(300, 100)
layout_mode = 2
theme_override_font_sizes/font_size = 40
text = "SFX Volume"
vertical_alignment = 1

[node name="SFXSlider" type="HSlider" parent="OptionsContainer/VBoxContainer/HBoxContainer3"]
unique_name_in_owner = true
modulate = Color(1, 0.8, 0.666667, 1)
layout_mode = 2
size_flags_horizontal = 3
size_flags_vertical = 4
theme_override_constants/center_grabber = 1
theme_override_constants/grabber_offset = 0
theme_override_icons/grabber = ExtResource("6_heod2")
theme_override_icons/grabber_highlight = ExtResource("6_heod2")
theme_override_styles/slider = SubResource("StyleBoxFlat_ph5ea")
min_value = -36.0
max_value = 12.0
value = 1.0
rounded = true

[node name="Control3" type="Control" parent="OptionsContainer/VBoxContainer/HBoxContainer3"]
custom_minimum_size = Vector2(20, 0)
layout_mode = 2

[node name="TestSFXButton" type="Button" parent="OptionsContainer/VBoxContainer/HBoxContainer3"]
layout_mode = 2
text = "Test"

[node name="Control" type="Control" parent="OptionsContainer/VBoxContainer"]
custom_minimum_size = Vector2(0, 50)
layout_mode = 2

[node name="HBoxContainer" type="HBoxContainer" parent="OptionsContainer/VBoxContainer"]
layout_mode = 2

[node name="Control2" type="Control" parent="OptionsContainer/VBoxContainer/HBoxContainer"]
layout_mode = 2
size_flags_horizontal = 3

[node name="CloseOptionsButton" type="Button" parent="OptionsContainer/VBoxContainer/HBoxContainer"]
layout_mode = 2
size_flags_horizontal = 4
size_flags_vertical = 4
text = "Close"

[node name="Control" type="Control" parent="OptionsContainer/VBoxContainer/HBoxContainer"]
layout_mode = 2
size_flags_horizontal = 3

[node name="AudioStreamPlayer" type="AudioStreamPlayer" parent="."]
stream = ExtResource("7_p687b")

[node name="EngineStreamPlayer" type="AudioStreamPlayer" parent="."]
stream = ExtResource("8_ko73t")

[node name="MenuMusicPlayer" type="AudioStreamPlayer" parent="."]
stream = ExtResource("9_fp0lb")

[node name="SweetStreamPlayer" type="AudioStreamPlayer" parent="."]
stream = ExtResource("10_4vo4k")

[node name="CrashStreamPlayer" type="AudioStreamPlayer" parent="."]
stream = ExtResource("11_p7ren")

[connection signal="pressed" from="Control/VBoxContainer/MarginContainer3/StartButton" to="." method="_on_start_button_pressed"]
[connection signal="pressed" from="Control/VBoxContainer/MarginContainer4/RulesButton" to="." method="_on_rules_button_pressed"]
[connection signal="pressed" from="Control/VBoxContainer/MarginContainer2/OptionsButton" to="." method="_on_options_button_pressed"]
[connection signal="pressed" from="Control/VBoxContainer/MarginContainer/CreditsButton" to="." method="_on_credits_button_pressed"]
[connection signal="meta_clicked" from="CreditsContainer/VBoxContainer/RichTextLabel" to="." method="_on_rich_text_label_meta_clicked"]
[connection signal="pressed" from="CreditsContainer/VBoxContainer/HBoxContainer/CloseCreditsButton" to="." method="_on_close_credits_button_pressed"]
[connection signal="meta_clicked" from="RulesContainer/VBoxContainer/RichTextLabel" to="." method="_on_rich_text_label_meta_clicked"]
[connection signal="pressed" from="RulesContainer/VBoxContainer/HBoxContainer/CloseRulesButton" to="." method="_on_close_rules_button_pressed"]
[connection signal="value_changed" from="OptionsContainer/VBoxContainer/HBoxContainer2/MusicSlider" to="." method="_on_music_slider_value_changed"]
[connection signal="pressed" from="OptionsContainer/VBoxContainer/HBoxContainer2/TestMusicButton" to="." method="_on_test_music_button_pressed"]
[connection signal="value_changed" from="OptionsContainer/VBoxContainer/HBoxContainer3/SFXSlider" to="." method="_on_sfx_slider_value_changed"]
[connection signal="pressed" from="OptionsContainer/VBoxContainer/HBoxContainer3/TestSFXButton" to="." method="_on_test_sfx_button_pressed"]
[connection signal="pressed" from="OptionsContainer/VBoxContainer/HBoxContainer/CloseOptionsButton" to="." method="_on_close_options_button_pressed"]
